<record><leader>00000cas a22000007a 4500</leader><controlfield tag="001">33944138</controlfield><controlfield tag="008">951219d192419uucauwr ne      0    0eng d</controlfield><datafield ind1=" " ind2=" " tag="010"><subfield code="a">sn 95061755 </subfield></datafield><datafield ind1=" " ind2=" " tag="040"><subfield code="a">CNK</subfield><subfield code="b">eng</subfield><subfield code="c">CNK</subfield><subfield code="d">OCLCQ</subfield><subfield code="d">OCLCF</subfield><subfield code="d">OCLCO</subfield></datafield><datafield ind1="1" ind2=" " tag="029"><subfield code="a">AU@</subfield><subfield code="b">000025864582</subfield></datafield><datafield ind1=" " ind2=" " tag="042"><subfield code="a">msc</subfield></datafield><datafield ind1=" " ind2=" " tag="043"><subfield code="a">n-us-ca</subfield></datafield><datafield ind1="0" ind2="0" tag="245"><subfield code="a">West side tribune and Maricopa oil news.</subfield></datafield><datafield ind1="1" ind2="3" tag="246"><subfield code="a">West side tribune-Maricopa oil news</subfield></datafield><datafield ind1=" " ind2=" " tag="260"><subfield code="a">Taft, Kern Co., Calif. :</subfield><subfield code="b">Perry B. Stickles</subfield></datafield><datafield ind1=" " ind2=" " tag="300"><subfield code="a">v.</subfield></datafield><datafield ind1=" " ind2=" " tag="310"><subfield code="a">Weekly,</subfield><subfield code="b">&lt;Sept. 1924-&gt;</subfield></datafield><datafield ind1=" " ind2=" " tag="321"><subfield code="a">Semiweekly,</subfield><subfield code="b">Aug. 22, 1924-</subfield></datafield><datafield ind1="0" ind2=" " tag="362"><subfield code="a">Vol. 15, no. 34 (Aug. 22, 1924)-</subfield></datafield><datafield ind1=" " ind2="0" tag="651"><subfield code="a">Taft (Calif.)</subfield><subfield code="v">Newspapers.</subfield></datafield><datafield ind1=" " ind2="7" tag="655"><subfield code="a">Newspapers.</subfield><subfield code="2">fast</subfield><subfield code="0">(OCoLC)fst01423814</subfield></datafield><datafield ind1=" " ind2="7" tag="651"><subfield code="a">California</subfield><subfield code="z">Taft.</subfield><subfield code="2">fast</subfield><subfield code="0">(OCoLC)fst01218723</subfield></datafield><datafield ind1=" " ind2=" " tag="752"><subfield code="a">United States</subfield><subfield code="b">California</subfield><subfield code="c">Kern</subfield><subfield code="d">Taft.</subfield></datafield><datafield ind1="0" ind2="0" tag="780"><subfield code="t">Maricopa oil news</subfield><subfield code="w">(DLC)sn 95062185</subfield></datafield></record>